@article{atkinson03,
	author = {Atkinson, C. und K\"{u}hne, T.},
	title = {Model-Driven Development: A Metamodeling Foundation},
	journal = {IEEE Softw.},
	issue_date = {September 2003},
	volume = {20},
	number = {5},
	month = sep,
	year = {2003},
	pages = {36--41},
	numpages = {6},
	url = {http://dx.doi.org/10.1109/MS.2003.1231149},
	acmid = {942704},
	issn = {0740-7459},
	publisher = {IEEE Computer Society Press},
	address = {Los Alamitos, CA, USA},
} 

@book{czaeis2000genprog,
	author    = "Czarnecki, K. und Eisenecker, U.",
	title     = "Generative Programming: Methods, Tools and Applications",
	publisher = "Addison-Wesley",
	year      = "2000"
}


@book{fowler2010dsls,
	author    = "Fowler, M.",
	title     = "Domain Specific Languages",
	publisher = "Addison-Wesley",
	year      = "2011"
}

@techreport{kang1990,
	title={Feature-Oriented Domain Analysis (FODA) Feasibility Study},
	author={Kang, K. und Cohen, S. und Hess, J. und Novak, W. und Peterson, A.},
	year={1990},
	number={CMU/SEI-90-TR-021},
	institution={Software Engineering Institute, Carnegie Mellon University},
	address={Pittsburgh, PA},
	url={http://resources.sei.cmu.edu/library/asset-view.cfm?AssetID=11231} }

@article{prieto1990,
	author = {Prieto-D\'{\i}az, R.},
	title = {Domain Analysis: An Introduction},
	journal = {SIGSOFT Softw. Eng. Notes},
	issue_date = {April 1990},
	volume = {15},
	number = {2},
	month = apr,
	year = {1990},
	pages = {47--54},
	numpages = {8},
	url = {http://doi.acm.org/10.1145/382296.382703},
	acmid = {382703},
	publisher = {ACM},
	address = {New York, NY, USA},
} 

@online{
	mdaguide,
	author={o.V.},
	title={OMG MDA Guide rev. 2.0},
	year={2014},
	publisher={Object Management Group},
	url = "https://www.omg.org/cgi-bin/doc?ormsc/14-06-01"
}

@online{reichlesz2010modelt,
	title={100 Jahre Ford T-Modell: Schwarze Magie},
	author={Reichle, J.},
	year={2010},
	publisher={Süddeutsche Zeitung},
	url = "http://www.sueddeutsche.de/auto/jahre-ford-t-modell-schwarze-magie-1.702183"
}

@online{sagerso2008modelt,
	title={Erfindung des Ford Modell T: Der kleine Schwarze},
	author={Sager, G.},
	year={2008},
	publisher={Spiegel Online},
	url = "http://www.spiegel.de/einestages/100-jahre-ford-modell-t-a-947930.html"
}

@article{selic03,
	author = {Selic, B.},
	title = {The Pragmatics of Model-Driven Development},
	journal = {IEEE Softw.},
	issue_date = {September 2003},
	volume = {20},
	number = {5},
	month = sep,
	year = {2003},
	pages = {19--25},
	numpages = {7},
	url = {http://dx.doi.org/10.1109/MS.2003.1231146},
	acmid = {942714},
	publisher = {IEEE Computer Society Press},
	address = {Los Alamitos, CA, USA},
}

@book{stahl2007mdsd,
	author    = "Stahl, T. und Völter, M.",
	title     = "Modellgetriebene Softwarentwicklung: Techniken, Engineering, Management",
	publisher = "dpunkt.verlag",
	year      = "2007",
	edition   = "2"
}

@online{usembassyodnumbers,
    author    = {o.V.},
    title     = {Zahlen \& Fakten: Einkommen und Preise 1900 - 1999},
    institution = {U.S. Diplomatic Mission to Germany},
    year      = {o.D.},
	url="https://usa.usembassy.de/etexts/his/e_g_prices1.htm"
}

@techreport{wallen2008robohistory,
	author    = "Wallén, W.",
	title     = "The history of the industrial robot",
	institution = "Division of Automatic Control at Linköpings universitet",
	year      = "2008",
	url = "http://liu.diva-portal.org/smash/get/diva2:316930/FULLTEXT01.pdf"
}

