@book{aho2006,
	author = {Aho, A. and Lam, M. and Sethi, R. and Ullman, J.},
	title = {Compilers: Principles, Techniques, and Tools (2Nd Edition)},
	year = {2006},
	isbn = {0321486811},
	publisher = {Addison-Wesley Longman Publishing Co., Inc.},
} 

@article{atkinson2003,
	author = {Atkinson, C. and K\"{u}hne, T.},
	title = {Model-Driven Development: A Metamodeling Foundation},
	journal = {IEEE Softw.},
	issue_date = {September 2003},
	volume = {20},
	number = {5},
	month = sep,
	year = {2003},
	issn = {0740-7459},
	pages = {36--41},
	numpages = {6},
	url = {http://dx.doi.org/10.1109/MS.2003.1231149},
	acmid = {942704},
	publisher = {IEEE Computer Society Press},
	address = {Los Alamitos, CA, USA},
}

@book{balzert2009a,
	author = {Balzert, H.},
	edition = {3., Aufl.},
	isbn = {978-3-8274-1705-3},
	publisher = {Spektrum Akademischer Verlag},
	title = {Lehrbuch der Softwaretechnik: Basiskonzepte und Requirements Engineering},
	year = 2009
}

@book{bloch2017,
	author = {Bloch, J.},
	title = {Effective Java (3rd Edition)},
	year = {2017},
	isbn = {978-0134685991},
	edition = {3},
	publisher = {Addison-Wesley Professional}
} 

@book{czaeis2000,
	author    = "Czarnecki, K. and Eisenecker, U.",
	title     = "Generative Programming: Methods, Tools and Applications",
	publisher = "Addison-Wesley",
	year      = "2000"
}


@book{fowler2010,
	author    = "Fowler, M.",
	title     = "Domain Specific Languages",
	publisher = "Addison-Wesley",
	year      = "2011"
}

@book{gamma1995,
	author = {Gamma, E. and Helm, R. and Johnson, R. and Vlissides, J.},
	title = {Design Patterns: Elements of Reusable Object-oriented Software},
	year = {1995},
	isbn = {0-201-63361-2},
	publisher = {Addison-Wesley Longman Publishing Co., Inc.},
	address = {Boston, MA, USA},
}

@book{gamma2015,
	author = {Gamma, E. and Helm, R. and Johnson, R. and Vlissides, J.},
	title = {Design Patterns: Entwurfsmuster als Elemente wiederverwendbarer objektorientierter Software},
	year = {2015},
	isbn = {9783826699047},
	publisher = {MITP-Verlags GmbH \& Co. KG}
}

@book{herrington2003,
	author = {Herrington, J.},
	title = {Code Generation in Action},
	year = {2003},
	isbn = {1930110979},
	publisher = {Manning Publications Co.},
} 

@book{hromkovic2014,
	author = {Hromkovič, J.},
	isbn = {978-3-658-06433-4},
	publisher = {Springer Fachmedien},
	title = {Theoretische Informatik: Formale Sprachen, Berechenbarkeit, Komplexitätstheorie, Algorithmik, Kommunikation und Kryptographie},
	year = 2014
}

@book{javavm2014,
	author = {Lindholm, T. and Yellin, F. and Bracha, G. and Buckley, A.},
	title = {The Java Virtual Machine Specification, Java SE 8 Edition},
	year = {2014},
	isbn = {013390590X, 9780133905908},
	edition = {1st},
	publisher = {Addison-Wesley Professional},
} 

@techreport{kang1990,
	title={Feature-Oriented Domain Analysis (FODA) Feasibility Study},
	author={Kang, K. and Cohen S. and J. Hess, J. and Novak, W. and Peterson, A.},
	year={1990},
	number={CMU/SEI-90-TR-021},
	institution={Software Engineering Institute, Carnegie Mellon University},
	address={Pittsburgh, PA},
	url={http://resources.sei.cmu.edu/library/asset-view.cfm?AssetID=11231} 
}

@book{kernighan1988,
	author = {Kernighan, B. and Ritchie, D.},
	title = {The  C Programming Language},
	year = {1988},
	isbn = {0131103709},
	edition = {2nd},
	publisher = {Prentice Hall Professional Technical Reference},
} 

@book{parr2009,
	author = {Parr, T.},
	title = {Language Implementation Patterns: Create Your Own Domain-Specific and General Programming Languages},
	year = {2009},
	isbn = {193435645X, 9781934356456},
	edition = {1st},
	publisher = {Pragmatic Bookshelf},
}

@article{prieto1990,
	author = {Prieto-D\'{\i}az, R.},
	title = {Domain Analysis: An Introduction},
	journal = {SIGSOFT Softw. Eng. Notes},
	issue_date = {April 1990},
	volume = {15},
	number = {2},
	month = apr,
	year = {1990},
	issn = {0163-5948},
	pages = {47--54},
	numpages = {8},
	url = {http://doi.acm.org/10.1145/382296.382703},
	acmid = {382703},
	publisher = {ACM},
	address = {New York, NY, USA},
} 

@online{
	mdaguide,
	author={o.V.},
	title={OMG MDA Guide rev. 2.0},
	year={2014},
	publisher={Object Management Group},
	url = "https://www.omg.org/cgi-bin/doc?ormsc/14-06-01"
}

@online{reichlesz2010,
	title={100 Jahre Ford T-Modell: Schwarze Magie},
	author={Reichle, J.},
	year={2010},
	publisher={Süddeutsche Zeitung},
	url = "http://www.sueddeutsche.de/auto/jahre-ford-t-modell-schwarze-magie-1.702183"
}

@online{sagerso2008,
	title={Erfindung des Ford Modell T: Der kleine Schwarze},
	author={Sager, G.},
	year={2008},
	publisher={Spiegel Online},
	url = "http://www.spiegel.de/einestages/100-jahre-ford-modell-t-a-947930.html"
}

@article{selic2003,
	author = {Selic, B.},
	title = {The Pragmatics of Model-Driven Development},
	journal = {IEEE Softw.},
	issue_date = {September 2003},
	volume = {20},
	number = {5},
	month = sep,
	year = {2003},
	issn = {0740-7459},
	pages = {19--25},
	numpages = {7},
	url = {http://dx.doi.org/10.1109/MS.2003.1231146},
	acmid = {942714},
	publisher = {IEEE Computer Society Press},
	address = {Los Alamitos, CA, USA},
}

@book{stahl2007,
	author    = "Stahl, T. and Völter, M.",
	title     = "Modellgetriebene Softwarentwicklung: Techniken, Engineering, Management",
	publisher = "dpunkt.verlag",
	year      = "2007",
	edition   = "2"
}

@online{usembassyodnumbers,
    author    = {o.V.},
    title     = {Zahlen \& Fakten: Einkommen und Preise 1900 - 1999},
    institution = {U.S. Diplomatic Mission to Germany},
    year      = {o.D.},
	url="https://usa.usembassy.de/etexts/his/e_g_prices1.htm"
}

@Manual{unity2018,
	title = {Unity User Manual (2017.3)},
	author = {o.V.},
	organization = {Unity Technologies},
	address = {Vienna, Austria},
	version = {2017.3b-001X},
	year = {2018},
	url = {https://docs.unity3d.com/Manual/index.html},
}

@book{voelter2013,
	author = {Völter, M. and Benz, S. and Dietrich, C. and Engelmann, B. and Helander, M. and Kats, L. and Visser, E. and Wachsmuth, G.},
	isbn = {978-1-4812-1858-0},
	publisher = {dslbook.org},
	title = {DSL Engineering - Designing, Implementing and Using Domain-Specific Languages.},
	year = 2013
}

@techreport{wallen2008,
	author    = "Wallén, W.",
	title     = "The history of the industrial robot",
	institution = "Division of Automatic Control at Linköpings universitet",
	year      = "2008",
	url = "http://liu.diva-portal.org/smash/get/diva2:316930/FULLTEXT01.pdf"
}

@Article{IEEEvocabulary2010,
	Title                    = {Systems and software engineering -- Vocabulary},
	Author                   = {ISO/IEC/IEEE},
	Journal                  = {ISO/IEC/IEEE 24765:2010(E)},
	Year                     = {2010},
	Month                    = {Dec},
	Doi                      = {10.1109/IEEESTD.2010.5733835},
	Url                      = {http://ieeexplore.ieee.org/servlet/opac?punumber=5733833}
}

